<?xml version="1.0" encoding="UTF-8"?>
<collection xmlns="http://www.loc.gov/MARC21/slim">
    <record>
        <leader>00000nz  a2200169   4500</leader>
        <controlfield tag="001">30003871</controlfield>
        <controlfield tag="003">RISM</controlfield>
        <controlfield tag="005">20160216</controlfield>
        <controlfield tag="008">160216n||az|||||||##########||||||||||||</controlfield>
        <datafield tag="040" ind1=" " ind2=" ">
            <subfield code="a">ET-Cn</subfield>
        </datafield>
        <datafield tag="043" ind1=" " ind2=" ">
            <subfield code="c">XC-ET</subfield>
        </datafield>
        <datafield tag="110" ind1="2" ind2=" ">
            <subfield code="a">National Library, Egypt (D¯ar al-Kutub) &lt;Al-Q¯ahirah&gt;</subfield>
            <subfield code="c">Al-Q¯ahirah</subfield>
            <subfield code="g">ET-Cn</subfield>
        </datafield>
        <datafield tag="410" ind1="2" ind2=" ">
            <subfield code="a">National Library</subfield>
        </datafield>
        <datafield tag="622" ind1=" " ind2=" ">
            <subfield code="e">National Library (D¯ar al-Kutub), ET-Caire, Aethiopien</subfield>
            <subfield code="u">http://www.darelkotob.org</subfield>
        </datafield>
    </record>