
    <record>
        <leader>00000nz  a2200169   4500</leader>
        <controlfield tag="001">30003554</controlfield>
        <controlfield tag="003">RISM</controlfield>
        <controlfield tag="005">20160216</controlfield>
        <controlfield tag="008">160216n||az|||||||##########||||||||||||</controlfield>
        <datafield tag="040" ind1=" " ind2=" ">
            <subfield code="a">ET-SS</subfield>
        </datafield>
        <datafield tag="043" ind1=" " ind2=" ">
            <subfield code="c">XC-ET</subfield>
        </datafield>
        <datafield tag="110" ind1="2" ind2=" ">
            <subfield code="a">Monastery</subfield>
            <subfield code="c">St. Sabas</subfield>
            <subfield code="g">ET-SS</subfield>
        </datafield>
    </record>
</collection>

